<?xml version="1.0" encoding="UTF-8"?>
  <record xmlns="http://www.loc.gov/MARC21/slim" type="Authority">
    <leader>00000nz  a2200000nc 4500</leader>
    <controlfield tag="001">040384535</controlfield>
    <controlfield tag="003">DE-101</controlfield>
    <controlfield tag="005">20220812191407.0</controlfield>
    <controlfield tag="008">880701n||azznnaabn           | ana    |c</controlfield>
    <datafield tag="024" ind1="7" ind2=" ">
      <subfield code="a">4038453-6</subfield>
      <subfield code="0">http://d-nb.info/gnd/4038453-6</subfield>
      <subfield code="2">gnd</subfield>
    </datafield>
    <datafield tag="024" ind1="7" ind2=" ">
      <subfield code="a">2872225</subfield>
      <subfield code="2">geonames</subfield>
    </datafield>
    <datafield tag="034" ind1=" " ind2=" ">
      <subfield code="d">E 010 24 54</subfield>
      <subfield code="e">E 010 24 54</subfield>
      <subfield code="f">N 050 34 04</subfield>
      <subfield code="g">N 050 34 04</subfield>
      <subfield code="2">geonames</subfield>
      <subfield code="0">https://sws.geonames.org/2872225</subfield>
      <subfield code="9">A:agx</subfield>
    </datafield>
    <datafield tag="034" ind1=" " ind2=" ">
      <subfield code="d">E010.415210</subfield>
      <subfield code="e">E010.415210</subfield>
      <subfield code="f">N050.567869</subfield>
      <subfield code="g">N050.567869</subfield>
      <subfield code="2">geonames</subfield>
      <subfield code="0">https://sws.geonames.org/2872225</subfield>
      <subfield code="9">A:dgx</subfield>
    </datafield>
    <datafield tag="035" ind1=" " ind2=" ">
      <subfield code="a">(DE-101)040384535</subfield>
    </datafield>
    <datafield tag="035" ind1=" " ind2=" ">
      <subfield code="a">(DE-588)4038453-6</subfield>
    </datafield>
    <datafield tag="035" ind1=" " ind2=" ">
      <subfield code="z">(DE-588)2019428-6</subfield>
    </datafield>
    <datafield tag="035" ind1=" " ind2=" ">
      <subfield code="z">(DE-588b)2019428-6</subfield>
      <subfield code="9">v:zg</subfield>
    </datafield>
    <datafield tag="035" ind1=" " ind2=" ">
      <subfield code="z">(DE-588c)4038453-6</subfield>
      <subfield code="9">v:zg</subfield>
    </datafield>
    <datafield tag="040" ind1=" " ind2=" ">
      <subfield code="a">DE-101</subfield>
      <subfield code="c">DE-101</subfield>
      <subfield code="9">r:DE-101</subfield>
      <subfield code="b">ger</subfield>
      <subfield code="d">1841</subfield>
      <subfield code="e">rda</subfield>
    </datafield>
    <datafield tag="042" ind1=" " ind2=" ">
      <subfield code="a">gnd1</subfield>
    </datafield>
    <datafield tag="043" ind1=" " ind2=" ">
      <subfield code="c">XA-DE-TH</subfield>
    </datafield>
    <datafield tag="075" ind1=" " ind2=" ">
      <subfield code="b">g</subfield>
      <subfield code="2">gndgen</subfield>
    </datafield>
    <datafield tag="075" ind1=" " ind2=" ">
      <subfield code="b">gik</subfield>
      <subfield code="2">gndspec</subfield>
    </datafield>
    <datafield tag="079" ind1=" " ind2=" ">
      <subfield code="a">g</subfield>
      <subfield code="q">s</subfield>
      <subfield code="q">f</subfield>
      <subfield code="q">g</subfield>
      <subfield code="q">z</subfield>
      <subfield code="u">w</subfield>
      <subfield code="u">z</subfield>
      <subfield code="u">v</subfield>
      <subfield code="u">o</subfield>
    </datafield>
    <datafield tag="083" ind1="0" ind2="4">
      <subfield code="z">2</subfield>
      <subfield code="a">432264</subfield>
      <subfield code="9">d:3</subfield>
      <subfield code="9">t:2007-01-01</subfield>
      <subfield code="2">22/ger</subfield>
    </datafield>
    <datafield tag="151" ind1=" " ind2=" ">
      <subfield code="a">Meiningen</subfield>
    </datafield>
    <datafield tag="451" ind1=" " ind2=" ">
      <subfield code="a">Meynungen</subfield>
      <subfield code="9">v:1555</subfield>
    </datafield>
    <datafield tag="451" ind1=" " ind2=" ">
      <subfield code="a">Meinungen</subfield>
    </datafield>
    <datafield tag="670" ind1=" " ind2=" ">
      <subfield code="a">Orts-Mü. 25</subfield>
    </datafield>
    <datafield tag="670" ind1=" " ind2=" ">
      <subfield code="a">B 1986</subfield>
    </datafield>
    <datafield tag="670" ind1=" " ind2=" ">
      <subfield code="a">Homepage</subfield>
      <subfield code="b">Stand: 12.08.2022</subfield>
      <subfield code="u">https://meiningen.de/</subfield>
    </datafield>
    <datafield tag="678" ind1=" " ind2=" ">
      <subfield code="b">Stadt im Landkreis Schmalkalden-Meiningen, als fränkisches Königsgut gegründet, 982 urkundl. erwähnt</subfield>
    </datafield>
    <datafield tag="913" ind1=" " ind2=" ">
      <subfield code="S">swd</subfield>
      <subfield code="i">g</subfield>
      <subfield code="a">Meiningen</subfield>
      <subfield code="0">(DE-588c)4038453-6</subfield>
    </datafield>
    <datafield tag="913" ind1=" " ind2=" ">
      <subfield code="S">gkd</subfield>
      <subfield code="i">a</subfield>
      <subfield code="a">Meiningen</subfield>
      <subfield code="0">(DE-588b)2019428-6</subfield>
    </datafield>
  </record>
